<record><leader>00000cas a22000007a 4500</leader><controlfield tag="001">12424188</controlfield><controlfield tag="008">850826d18uu1917iaudn ne      0    0eng d</controlfield><datafield ind1=" " ind2=" " tag="010"><subfield code="a">sn 85049756 </subfield></datafield><datafield ind1=" " ind2=" " tag="040"><subfield code="a">INP</subfield><subfield code="b">eng</subfield><subfield code="c">INP</subfield><subfield code="d">OCLCQ</subfield></datafield><datafield ind1=" " ind2=" " tag="042"><subfield code="a">msc</subfield></datafield><datafield ind1="0" ind2="0" tag="245"><subfield code="a">Fort Dodge daily chronicle.</subfield></datafield><datafield ind1="1" ind2="3" tag="246"><subfield code="a">Fort Dodge chronicle</subfield><subfield code="f">&lt;Jan. 1, 1895-July 8, 1911&gt;</subfield></datafield><datafield ind1=" " ind2=" " tag="260"><subfield code="a">Fort Dodge, Iowa :</subfield><subfield code="b">Duncombe Bros.,</subfield><subfield code="c">-1917.</subfield></datafield><datafield ind1=" " ind2=" " tag="300"><subfield code="a">v. :</subfield><subfield code="b">ill. (some col.) ;</subfield><subfield code="c">59 cm.</subfield></datafield><datafield ind1=" " ind2=" " tag="310"><subfield code="a">Daily (except Sunday)</subfield></datafield><datafield ind1="0" ind2=" " tag="362"><subfield code="a">-June 30, 1917.</subfield></datafield><datafield ind1=" " ind2=" " tag="500"><subfield code="a">Publisher varies.</subfield></datafield><datafield ind1=" " ind2=" " tag="588"><subfield code="a">Description based on: Jan. 1, 1895.</subfield></datafield><datafield ind1=" " ind2=" " tag="752"><subfield code="a">United States</subfield><subfield code="b">Iowa</subfield><subfield code="c">Webster</subfield><subfield code="d">Fort Dodge.</subfield></datafield><datafield ind1="0" ind2=" " tag="775"><subfield code="t">Fort Dodge semi-weekly chronicle</subfield><subfield code="w">(DLC)sn 86060258</subfield><subfield code="g">Apr. 29, 1896-Jan. 29, 1909</subfield></datafield><datafield ind1="0" ind2=" " tag="775"><subfield code="t">Fort Dodge weekly chronicle (Fort Dodge, Iowa : 1909)</subfield><subfield code="w">(DLC)sn 86060259</subfield><subfield code="g">Feb. 5, 1909-Oct. 27, 1911</subfield></datafield><datafield ind1="0" ind2="0" tag="780"><subfield code="t">Daily chronicle (Fort Dodge, Iowa)</subfield><subfield code="w">(DLC)sn 86060920</subfield></datafield><datafield ind1="0" ind2="5" tag="780"><subfield code="t">Fort Dodge weekly chronicle (Fort Dodge, Iowa : 1909)</subfield><subfield code="w">(DLC)sn 86060259</subfield><subfield code="g">Oct. 27, 1911</subfield></datafield><datafield ind1="0" ind2="7" tag="785"><subfield code="t">Fort Dodge messenger (Fort Dodge, Iowa : 1902)</subfield><subfield code="w">(DLC)sn 85049755</subfield></datafield><datafield ind1="0" ind2="7" tag="785"><subfield code="t">Fort Dodge messenger and chronicle</subfield><subfield code="w">(DLC)sn 85049757</subfield></datafield></record>